@MISC{The_World_Bank2016-fd,
  title        = "{Health Nutrition and Population Statistics: Population
                  estimates and projections | World DataBank}",
  booktitle    = "{The World Bank Group}",
  author       = "{The World Bank}",
  year         =  2016,
  howpublished = "\url{http://databank.worldbank.org/data/reports.aspx?source=Health%20Nutrition%20and%20Population%20Statistics:%20Population%20estimates%20and%20projections}",
  note         = "Accessed: 2016-07-11"
}


@MISC{Unaids2016-an,
  title        = "{AIDSinfo | UNAIDS}",
  booktitle    = "{Joint United Nation Programme on HIV/AIDS}",
  author       = "{UNAIDS}",
  year         =  2016,
  howpublished = "\url{http://aidsinfo.unaids.org/}",
  note         = "Accessed: 2016-06-28"
}


@MISC{Unaids2016-am,
  title        = "{Countries | UNAIDS}",
  booktitle    = "{Joint United Nation Programme on HIV/AIDS}",
  author       = "{UNAIDS}",
  year         =  2016,
  howpublished = "\url{http://www.unaids.org/en/regionscountries/countries/}",
  note         = "Accessed: 2016-06-28"
}


@MISC{AIDSdatahub-fg,
  title        = "{Country Profiles | AIDS, HIV, Data, Reports, Publications}",
  booktitle    = "{AIDS Data Hub}",
  author       = "{HIV/AIDS Asia Pacific Research Statistical Data Information
                  Resources AIDS Data Hub}",
  year         =  2013,
  howpublished = "\url{http://www.aidsdatahub.org/Country-Profiles}",
  note         = "Accessed: 2016-06-28"
}



@MISC{WorldBankpg,
   title        = "{Population growth (annual \%) | Data}",
   abstract     = "Population growth (annual \%) from The World Bank: Data",
   howpublished = "\url{http://data.worldbank.org/indicator/SP.POP.GROW}",
   note         = "Accessed: 2016-07-11"
 }

@MISC{AIDSdatahub,
  title        = "Country Profiles",
  booktitle    = "{AIDS} Data Hub",
  author       = "{HIV/AIDS Asia Pacific Research Statistical Data Information
                  Resources AIDS Data Hub}",
  year         =  2013,
  howpublished = "\url{http://www.aidsdatahub.org/Country-Profiles/}",
  note         = "Accessed: 2016-02-10"
}


@MISC{Knoema2016-iz,
  title        = "Age - Total population, both sexes combined, by broad age
                  group, 15-24; 25-49",
  booktitle    = "Knoema World Atlas Data",
  author       = "{Knoema}",
  year         =  2016,
  howpublished = "\url{http://knoema.com/atlas/topics/Demographics/Age/Population-aged-15-24}",
  note         = "Accessed: 2016-02-10"
}

@MISC{Unaids2015-dd,
  title        = "{UNAIDS} 2015-2012 Progress reports submitted by countries",
  booktitle    = "{UNAIDS}",
  author       = "{UNAIDS}",
  year         =  2015,
  howpublished = "
                  \url{http://www.unaids.org/en/dataanalysis/knowyourresponse/countryprogressreports/2015countries/;
                  http://www.unaids.org/en/dataanalysis/knowyourresponse/countryprogressreports/2014countries/;
                  http://www.unaids.org/en/dataanalysis/knowyourresponse/countryprogressreports/2012countries/}",
  note         = "Accessed: 2016-02-12"
}


@ARTICLE{Samji2013-kf,
  title       = "Closing the gap: increases in life expectancy among treated
                 {HIV-positive} individuals in the United States and Canada",
  author      = "Samji, Hasina and Cescon, Angela and Hogg, Robert S and Modur,
                 Sharada P and Althoff, Keri N and Buchacz, Kate and Burchell,
                 Ann N and Cohen, Mardge and Gebo, Kelly A and Gill, M John and
                 Justice, Amy and Kirk, Gregory and Klein, Marina B and
                 Korthuis, P Todd and Martin, Jeff and Napravnik, Sonia and
                 Rourke, Sean B and Sterling, Timothy R and Silverberg, Michael
                 J and Deeks, Stephen and Jacobson, Lisa P and Bosch, Ronald J
                 and Kitahata, Mari M and Goedert, James J and Moore, Richard
                 and Gange, Stephen J and {North American AIDS Cohort
                 Collaboration on Research and Design (NA-ACCORD) of IeDEA}",
  affiliation = "British Columbia Centre for Excellence in HIV/AIDS, Vancouver,
                 British Columbia, Canada. British Columbia Centre for
                 Excellence in HIV/AIDS, Vancouver, British Columbia, Canada.
                 British Columbia Centre for Excellence in HIV/AIDS, Vancouver,
                 British Columbia, Canada ; Simon Fraser University, Burnaby,
                 British Columbia, Canada. Johns Hopkins University, Baltimore,
                 Maryland, United States of America. Johns Hopkins University,
                 Baltimore, Maryland, United States of America. Centers for
                 Disease Control and Prevention, Atlanta, Georgia, United
                 States of America. Ontario HIV Treatment Network, Toronto,
                 Ontario, Canada. The Core Center, Bureau of Health Services of
                 Cook County, Chicago, Illinois, United States of America.
                 Johns Hopkins University, Baltimore, Maryland, United States
                 of America. University of Calgary, Calgary, Alberta, Canada.
                 Veterans Administration Connecticut Healthcare System and Yale
                 University, West Haven, Connecticut, United States of America.
                 Johns Hopkins University, Baltimore, Maryland, United States
                 of America. McGill University Health Centre, Montreal, Quebec,
                 Canada. Oregon Health and Science University, Portland,
                 Oregon, United States of America. University of California San
                 Francisco, San Francisco, California, United States of
                 America. University of North Carolina at Chapel Hill, Chapel
                 Hill, North Carolina, United States of America. Ontario HIV
                 Treatment Network, Toronto, Ontario, Canada. Vanderbilt
                 University, Nashville, Tennessee, United States of America.
                 Kaiser Permanente Northern California, Oakland, California,
                 United States of America. San Francisco General Hospital,
                 University of California San Francisco, San Francisco,
                 California, United States of America. Johns Hopkins
                 University, Baltimore, Maryland, United States of America.
                 Harvard School of Public Health, Boston, Massachusetts, United
                 States of America. University of Washington, Seattle,
                 Washington, United States of America. National Cancer
                 Institute, Rockville, Maryland, United States of America.
                 Johns Hopkins University, Baltimore, Maryland, United States
                 of America. Johns Hopkins University, Baltimore, Maryland,
                 United States of America.",
  journal     = "PLoS One",
  volume      =  8,
  number      =  12,
  pages       = "e81355",
  month       =  "18~" # dec,
  year        =  2013
}



@ARTICLE{Morgan2002-cq,
  title       = "{HIV-1} infection in rural Africa: is there a difference in
                 median time to {AIDS} and survival compared with that in
                 industrialized countries?",
  author      = "Morgan, Dilys and Mahe, Cedric and Mayanja, Billy and Okongo,
                 J Martin and Lubega, Rosemary and Whitworth, James A G",
  affiliation = "Medical Research Council Programme on AIDS, Uganda Virus
                 Research Institute, Entebbe, Uganda.",
  journal     = "AIDS",
  volume      =  16,
  number      =  4,
  pages       = "597--603",
  month       =  "8~" # mar,
  year        =  2002
}



@article{hollingsworth2008-iy,
  title={HIV-1 transmission, by stage of infection},
  author={Hollingsworth, T D{\'e}irdre and Anderson, Roy M and Fraser, Christophe},
  journal={Journal of Infectious Diseases},
  volume={198},
  number={5},
  pages={687--693},
  year={2008},
  publisher={Oxford University Press}
}


@MISC{Avert2016-jy,
  title        = "{HIV} Around the World",
  booktitle    = "Avert",
  author       = "{Avert}",
  year         =  2016,
  howpublished = "\url{http://www.avert.org/professionals/hiv-around-world}",
  note         = "Accessed: 2016-02-12"
}

@MISC{World_Development_Indicators2013-ee,
  title        = "Death rate, crude (per 1,000 people)",
  booktitle    = "The World Bank",
  author       = "{World Development Indicators}",
  year         =  2013,
  howpublished = "\url{http://data.worldbank.org/indicator/SP.DYN.CDRT.IN}"
}

@MISC{World_Development_Indicators2013-kd,
  title        = "Birth rate, crude (per 1,000 people)",
  booktitle    = "The World Bank",
  author       = "{World Development Indicators}",
  year         =  2013,
  howpublished = "\url{http://data.worldbank.org/indicator/SP.DYN.CBRT.IN}"
}


@ARTICLE{Fauci2015-rc,
  title       = "Focusing to achieve a world without {AIDS}",
  author      = "Fauci, Anthony S and Marston, Hilary D",
  affiliation = "National Institutes of Health, National Institute of Allergy
                 and Infectious Diseases, Bethesda, Maryland. National
                 Institutes of Health, National Institute of Allergy and
                 Infectious Diseases, Bethesda, Maryland.",
  journal     = "JAMA",
  volume      =  313,
  number      =  4,
  pages       = "357--358",
  month       =  "27~" # jan,
  year        =  2015
}



@ARTICLE{Harmon2016-qc,
  title       = "Exploring the Potential Health Impact and {Cost-Effectiveness}
                 of {AIDS} Vaccine within a Comprehensive {HIV/AIDS} Response
                 in Low- and {Middle-Income} Countries",
  author      = "Harmon, Thomas M and Fisher, Kevin A and McGlynn, Margaret G
                 and Stover, John and Warren, Mitchell J and Teng, Yu and
                 N{\"{a}}veke, Arne",
  affiliation = "International AIDS Vaccine Initiative, New York, NY, United
                 States of America. AVAC, New York, NY, United States of
                 America. International AIDS Vaccine Initiative, New York, NY,
                 United States of America. Avenir Health, Glastonbury, CT,
                 United States of America. AVAC, New York, NY, United States of
                 America. Avenir Health, Glastonbury, CT, United States of
                 America. International AIDS Vaccine Initiative, New York, NY,
                 United States of America.",
  journal     = "PLoS One",
  volume      =  11,
  number      =  1,
  pages       = "e0146387",
  month       =  "5~" # jan,
  year        =  2016,
  keywords    = "90-90-90"
}

@TECHREPORT{Unaids2014-ue,
  title       = "90-90-90 An ambitious treatment target to help end the {AIDS}
                 epidemic",
  author      = "{UNAIDS}",
  institution = "UNAIDS",
  year        =  2014
}


@ARTICLE{Currie2009-yz,
  title       = "Time taken to undetectable viral load, following the
                 initiation of {HAART}",
  author      = "Currie, S and Rogstad, K E and Piyadigamage, A and Herman, S",
  affiliation = "Sheffield Medical School, Sheffield S10 2JF, UK.",
  journal     = "Int. J. STD AIDS",
  volume      =  20,
  number      =  4,
  pages       = "265--266",
  month       =  apr,
  year        =  2009
}


@TECHREPORT{UNAIDSfactsheet,
  title       = "{UNAIDS} Fact sheet 2015",
  author      = "{UNAIDS Communications and Global Advocacy}",
  institution = "UNAIDS",
  year        =  2015
}


@ARTICLE{Granich2012-fp,
  title       = "Expanding {ART} for treatment and prevention of {HIV} in South
                 Africa: estimated cost and cost-effectiveness 2011-2050",
  author      = "Granich, Reuben and Kahn, James G and Bennett, Rod and Holmes,
                 Charles B and Garg, Navneet and Serenata, Celicia and Sabin,
                 Miriam Lewis and Makhlouf-Obermeyer, Carla and De Filippo
                 Mack, Christina and Williams, Phoebe and Jones, Louisa and
                 Smyth, Caoimhe and Kutch, Kerry A and Ying-Ru, Lo and Vitoria,
                 Marco and Souteyrand, Yves and Crowley, Siobhan and Korenromp,
                 Eline L and Williams, Brian G",
  affiliation = "HIV/AIDS Department, World Health Organization, Geneva,
                 Switzerland. granichr@who.int",
  journal     = "PLoS One",
  volume      =  7,
  number      =  2,
  pages       = "e30216",
  month       =  "13~" # feb,
  year        =  2012
}


@ARTICLE{Geng2010-bh,
  title       = "Understanding reasons for and outcomes of patients lost to
                 follow-up in antiretroviral therapy programs in Africa through
                 a sampling-based approach",
  author      = "Geng, Elvin H and Bangsberg, David R and Musinguzi, Nicolas
                 and Emenyonu, Nneka and Bwana, Mwebesa Bosco and Yiannoutsos,
                 Constantin T and Glidden, David V and Deeks, Steven G and
                 Martin, Jeffrey N",
  affiliation = "Division of HIV/AIDS at San Francisco General Hospital, 995
                 Potrero Avenue, Building 80, San Francisco, CA 94110, USA.
                 genge@php.ucsf.edu",
  journal     = "J. Acquir. Immune Defic. Syndr.",
  volume      =  53,
  number      =  3,
  pages       = "405--411",
  month       =  mar,
  year        =  2010
}


@ARTICLE{Henry2015-vv,
  title     = "Estimating the Proportion of Undiagnosed {HIV} Cases",
  author    = "Henry, Keith",
  journal   = "NEJM Journal Watch",
  publisher = "Journal Watch",
  volume    =  2015,
  pages     = "NA38635",
  month     =  "29~" # jul,
  year      =  2015
}

@MISC{Unaids2014-ma,
  title        = "{AIDSinfo} {UNAIDS}: Indicators",
  booktitle    = "{UNAIDS}",
  author       = "{UNAIDS}",
  year         =  2014,
  howpublished = "\url{http://aidsinfo.unaids.org/}",
  note         = "Accessed: 2016-02-10"
}


@TECHREPORT{Staveteig2013-iv,
  title       = "Demographic patterns of {HIV} Testing Uptake in sub-Saharan
                 Africa: {DHS} Comparative Reports 30",
  author      = "Staveteig, Sarah and Wang, Shanxiao and Head, Sara K and
                 Bradley, Sarah E K and Nybro, Erica",
  number      =  30,
  institution = "USAID",
  month       =  apr,
  year        =  2013
}


@ARTICLE{McCormick2007-ff,
  title       = "The effect of antiretroviral therapy on secondary transmission
                 of {HIV} among men who have sex with men",
  author      = "McCormick, Alethea W and Walensky, Rochelle P and Lipsitch,
                 Marc and Losina, Elena and Hsu, Heather and Weinstein, Milton
                 C and Paltiel, A David and Freedberg, Kenneth A and Seage,
                 3rd, George R",
  affiliation = "Department of Epidemiology, Harvard School of Public Health,
                 Boston, MA 02115, USA. amccormi@hsph.harvard.edu",
  journal     = "Clin. Infect. Dis.",
  volume      =  44,
  number      =  8,
  pages       = "1115--1122",
  month       =  "15~" # apr,
  year        =  2007
}


@ARTICLE{Abdool_Karim2010-cm,
  title       = "Effectiveness and safety of tenofovir gel, an antiretroviral
                 microbicide, for the prevention of {HIV} infection in women",
  author      = "Abdool Karim, Quarraisha and Abdool Karim, Salim S and
                 Frohlich, Janet A and Grobler, Anneke C and Baxter, Cheryl and
                 Mansoor, Leila E and Kharsany, Ayesha B M and Sibeko,
                 Sengeziwe and Mlisana, Koleka P and Omar, Zaheen and Gengiah,
                 Tanuja N and Maarschalk, Silvia and Arulappan, Natasha and
                 Mlotshwa, Mukelisiwe and Morris, Lynn and Taylor, Douglas and
                 {CAPRISA 004 Trial Group}",
  affiliation = "Centre for the AIDS Program of Research in South Africa
                 (CAPRISA), Durban 4013, South Africa. caprisa@ukzn.ac.za",
  journal     = "Science",
  volume      =  329,
  number      =  5996,
  pages       = "1168--1174",
  month       =  "3~" # sep,
  year        =  2010
}


@ARTICLE{Donnell2010-xo,
  title       = "Heterosexual {HIV-1} transmission after initiation of
                 antiretroviral therapy: a prospective cohort analysis",
  author      = "Donnell, Deborah and Baeten, Jared M and Kiarie, James and
                 Thomas, Katherine K and Stevens, Wendy and Cohen, Craig R and
                 McIntyre, James and Lingappa, Jairam R and Celum, Connie and
                 {Partners in Prevention HSV/HIV Transmission Study Team}",
  affiliation = "Statistical Center for HIV/AIDS Research and Prevention and
                 the Vaccine and Infectious Disease Institute, Fred Hutchinson
                 Cancer Research Center, Seattle, WA 98109, USA.
                 deborah@fhcrc.org",
  journal     = "Lancet",
  volume      =  375,
  number      =  9731,
  pages       = "2092--2098",
  month       =  "12~" # jun,
  year        =  2010
}


@ARTICLE{Hughes2012-so,
  title   = "Determinants of {Per-Coital-Act} {HIV-1} Infectivity Among African
             {HIV-1--Serodiscordant} Couples",
  author  = "Hughes, James P and Baeten, Jared M and Lingappa, Jairam R and
             Magaret, Amalia S and Wald, Anna and de Bruyn, Guy and Kiarie,
             James and Inambao, Mubiana and Kilembe, William and Farquhar,
             Carey and Celum, Connie and {the Partners in Prevention HSV/HIV
             Transmission Study Team}",
  journal = "J. Infect. Dis.",
  month   =  "11~" # jan,
  year    =  2012
}


@ARTICLE{Atun2016-so,
  title     = "Long-term financing needs for {HIV} control in sub-Saharan
               Africa in 2015--2050: a modelling study",
  author    = "Atun, Rifat and Chang, Angela Y and Ogbuoji, Osondu and Silva,
               Sachin and Resch, Stephen and Hontelez, Jan and
               B{\"{a}}rnighausen, Till",
  journal   = "BMJ Open",
  publisher = "British Medical Journal Publishing Group",
  volume    =  6,
  number    =  3,
  pages     = "e009656",
  month     =  "1~" # mar,
  year      =  2016
}


@ARTICLE{Skarbinski2015-ni,
  title       = "Human immunodeficiency virus transmission at each step of the
                 care continuum in the United States",
  author      = "Skarbinski, Jacek and Rosenberg, Eli and Paz-Bailey, Gabriela
                 and Hall, H Irene and Rose, Charles E and Viall, Abigail H and
                 Fagan, Jennifer L and Lansky, Amy and Mermin, Jonathan H",
  affiliation = "Division of HIV/AIDS Prevention, National Center for HIV/AIDS,
                 Viral Hepatitis, STD, and TB Prevention, Centers for Disease
                 Control and Prevention, Atlanta, Georgia. Department of
                 Epidemiology, Rollins School of Public Health, Emory
                 University, Atlanta, Georgia. Division of HIV/AIDS Prevention,
                 National Center for HIV/AIDS, Viral Hepatitis, STD, and TB
                 Prevention, Centers for Disease Control and Prevention,
                 Atlanta, Georgia. Division of HIV/AIDS Prevention, National
                 Center for HIV/AIDS, Viral Hepatitis, STD, and TB Prevention,
                 Centers for Disease Control and Prevention, Atlanta, Georgia.
                 Division of HIV/AIDS Prevention, National Center for HIV/AIDS,
                 Viral Hepatitis, STD, and TB Prevention, Centers for Disease
                 Control and Prevention, Atlanta, Georgia. Division of HIV/AIDS
                 Prevention, National Center for HIV/AIDS, Viral Hepatitis,
                 STD, and TB Prevention, Centers for Disease Control and
                 Prevention, Atlanta, Georgia. Division of HIV/AIDS Prevention,
                 National Center for HIV/AIDS, Viral Hepatitis, STD, and TB
                 Prevention, Centers for Disease Control and Prevention,
                 Atlanta, Georgia. Division of HIV/AIDS Prevention, National
                 Center for HIV/AIDS, Viral Hepatitis, STD, and TB Prevention,
                 Centers for Disease Control and Prevention, Atlanta, Georgia.
                 National Center for HIV/AIDS, Viral Hepatitis, STD, and TB
                 Prevention, Centers for Disease Control and Prevention,
                 Atlanta, Georgia.",
  journal     = "JAMA Intern. Med.",
  volume      =  175,
  number      =  4,
  pages       = "588--596",
  month       =  apr,
  year        =  2015
}


@ARTICLE{Granich2009-up,
  title       = "Universal voluntary {HIV} testing with immediate
                 antiretroviral therapy as a strategy for elimination of {HIV}
                 transmission: a mathematical model",
  author      = "Granich, Reuben M and Gilks, Charles F and Dye, Christopher
                 and De Cock, Kevin M and Williams, Brian G",
  affiliation = "Department of HIV/AIDS, WHO, Geneva, Switzerland.",
  journal     = "Lancet",
  volume      =  373,
  number      =  9657,
  pages       = "48--57",
  month       =  "3~" # jan,
  year        =  2009,
  keywords    = "90-90-90"
}


@ARTICLE{Fauci2015-rc,
  title       = "Focusing to achieve a world without {AIDS}",
  author      = "Fauci, Anthony S and Marston, Hilary D",
  affiliation = "National Institutes of Health, National Institute of Allergy
                 and Infectious Diseases, Bethesda, Maryland. National
                 Institutes of Health, National Institute of Allergy and
                 Infectious Diseases, Bethesda, Maryland.",
  journal     = "JAMA",
  volume      =  313,
  number      =  4,
  pages       = "357--358",
  month       =  "27~" # jan,
  year        =  2015,
  keywords    = "90-90-90"
}


@ARTICLE{Marrazzo2014-cx,
  title     = "{HIV} Prevention in Clinical Care Settings: 2014 Recommendations
               of the International Antiviral {Society--USA} Panel",
  author    = "Marrazzo, Jeanne M and del Rio, Carlos and Holtgrave, David R
               and Cohen, Myron S and Kalichman, Seth C and Mayer, Kenneth H
               and Montaner, Julio S G and Wheeler, Darrell P and Grant, Robert
               M and Grinsztejn, Beatriz and Kumarasamy, N and Shoptaw, Steven
               and Walensky, Rochelle P and Dabis, Francois and Sugarman,
               Jeremy and Benson, Constance A",
  journal   = "JAMA",
  publisher = "American Medical Association",
  volume    =  312,
  number    =  4,
  pages     = "390--409",
  month     =  "23~" # jul,
  year      =  2014,
  keywords  = "hiv; antiviral agents; hiv infection; hiv prevention;
               prevention; risk reduction"
}


@MISC{Avert2016-jy,
  title        = "{HIV} Around the World",
  booktitle    = "Avert",
  author       = "{Avert}",
  year         =  2016,
  howpublished = "\url{http://www.avert.org/professionals/hiv-around-world}",
  note         = "Accessed: 2016-02-12"
}


@MISC{Knoema2016-iz,
  title        = "Age - Total population, both sexes combined, by broad age
                  group, 15-24; 25-49",
  booktitle    = "Knoema World Atlas Data",
  author       = "{Knoema}",
  year         =  2016,
  howpublished = "\url{http://knoema.com/atlas/topics/Demographics/Age/Population-aged-15-24;}",
  note         = "Accessed: 2016-02-10"
}




@TECHREPORT{Unaids2014-on,
  title  = "90-90-90 An ambitious treatment target to help end the {AIDS}
            epidemic",
  author = "{UNAIDS}",
  month  =  oct,
  year   =  2014
}


@ARTICLE{On_HIVAIDS_UNAIDS2014-ix,
  title   = "The gap report",
  author  = "on HIV/AIDS (UNAIDS), Joint United Nations Programme and {Others}",
  journal = "Geneva: UNAIDS",
  year    =  2014
}


@TECHREPORT{UNAIDS_Communications_and_Global_Advocacy2015-jf,
  title       = "{UNAIDS} Fact sheet 2015",
  author      = "{UNAIDS Communications and Global Advocacy}",
  institution = "UNAIDS",
  year        =  2015
}


@Article{Wawer2005-us,
  author       = {Wawer, Maria J and Gray, Ronald H and Sewankambo,
                  Nelson K and Serwadda, David and Li, Xianbin and
                  Laeyendecker, Oliver and Kiwanuka, Noah and Kigozi,
                  Godfrey and Kiddugavu, Mohammed and Lutalo, Thomas
                  and Nalugoda, Fred and Wabwire-Mangen, Fred and
                  Meehan, Mary P and Quinn, Thomas C},
  title	       = {Rates of {HIV-1} transmission per coital act, by
                  stage of {HIV-1} infection, in Rakai, Uganda},
  journal      = {J. Infect. Dis.},
  year	       = 2005,
  volume       = 191,
  number       = 9,
  pages	       = {1403-1409},
  month	       = {1~} # may,
  affiliation  = {Heilbrun Department of Population and Family Health,
                  Columbia University Mailman School of Public Health,
                  New York, New York 10032, USA. mwawer@jhsph.edu},
  publisher    = {jid.oxfordjournals.org},
  keywords     = {90-90-90}
}


@MISC{Unaids2015-dd,
  title        = "{UNAIDS} 2015-2012 Progress reports submitted by countries",
  booktitle    = "{UNAIDS}",
  author       = "{UNAIDS}",
  year         =  2015,
  howpublished = "\url{http://www.unaids.org/en/dataanalysis/knowyourresponse/countryprogressreports/2015countries/;
                  http://www.unaids.org/en/dataanalysis/knowyourresponse/countryprogressreports/2014countries/;
                  http://www.unaids.org/en/dataanalysis/knowyourresponse/countryprogressreports/2012countries/}",
  note         = "Accessed: 2016-02-12"
}


@MISC{World_Development_Indicators2013-kd,
  title        = "Birth rate, crude (per 1,000 people)",
  booktitle    = "The World Bank",
  author       = "{World Development Indicators}",
  year         =  2013,
  howpublished = "\url{http://data.worldbank.org/indicator/SP.DYN.CBRT.IN}",
  keywords     = "90-90-90"
}


@ARTICLE{Morgan2002-ed,
  title       = "{HIV-1} infection in rural Africa: is there a difference in
                 median time to {AIDS} and survival compared with that in
                 industrialized countries?",
  author      = "Morgan, Dilys and Mahe, Cedric and Mayanja, Billy and Okongo,
                 J Martin and Lubega, Rosemary and Whitworth, James A G",
  affiliation = "Medical Research Council Programme on AIDS, Uganda Virus
                 Research Institute, Entebbe, Uganda.",
  journal     = "AIDS",
  volume      =  16,
  number      =  4,
  pages       = "597--603",
  month       =  "8~" # mar,
  year        =  2002
}



@ARTICLE{May2014-gp,
  title       = "Impact on life expectancy of {HIV-1} positive individuals of
                 {CD4+} cell count and viral load response to antiretroviral
                 therapy",
  author      = "May, Margaret T and Gompels, Mark and Delpech, Valerie and
                 Porter, Kholoud and Orkin, Chloe and Kegg, Stephen and Hay,
                 Phillip and Johnson, Margaret and Palfreeman, Adrian and
                 Gilson, Richard and Chadwick, David and Martin, Fabiola and
                 Hill, Teresa and Walsh, John and Post, Frank and Fisher,
                 Martin and Ainsworth, Jonathan and Jose, Sophie and Leen,
                 Clifford and Nelson, Mark and Anderson, Jane and Sabin,
                 Caroline and {UK Collaborative HIV Cohort (UK CHIC) Study}",
  affiliation = "aUniversity of Bristol bNorth Bristol NHS Trust, Bristol
                 cPublic Health England dMedical Research Council Clinical
                 Trials Unit eBarts and The London NHS Trust fSouth London
                 Healthcare NHS Trust gSt George's Healthcare NHS Trust hRoyal
                 Free Hampstead NHS Trust, London iUniversity Hospitals of
                 Leicester NHS Trust, Leicester jMortimer Market Centre,
                 University College Medical School, London kSouth Tees Hospital
                 NHS Foundation Trust, Middlesbrough lYork Teaching Hospital
                 NHS Foundation Trust, York mResearch Department of Infection
                 \& Population Health, UCL nImperial College Healthcare NHS
                 Foundation Trust oKings College Healthcare NHS Foundation
                 Trust and Kings College London, London pBrighton and Sussex
                 University Hospitals NHS Trust, Brighton qNorth Middlesex
                 University Hospital NHS Trust, London rThe Lothian University
                 Hospitals NHS Trust, Edinburgh sChelsea and Westminster NHS
                 Foundation Trust tHomerton University Hospital NHS Trust,
                 London, UK.",
  journal     = "AIDS",
  volume      =  28,
  number      =  8,
  pages       = "1193--1202",
  month       =  "15~" # may,
  year        =  2014
}


@ARTICLE{Granich2012-fp,
  title       = "Expanding {ART} for treatment and prevention of {HIV} in South
                 Africa: estimated cost and cost-effectiveness 2011-2050",
  author      = "Granich, Reuben and Kahn, James G and Bennett, Rod and Holmes,
                 Charles B and Garg, Navneet and Serenata, Celicia and Sabin,
                 Miriam Lewis and Makhlouf-Obermeyer, Carla and De Filippo
                 Mack, Christina and Williams, Phoebe and Jones, Louisa and
                 Smyth, Caoimhe and Kutch, Kerry A and Ying-Ru, Lo and Vitoria,
                 Marco and Souteyrand, Yves and Crowley, Siobhan and Korenromp,
                 Eline L and Williams, Brian G",
  affiliation = "HIV/AIDS Department, World Health Organization, Geneva,
                 Switzerland. granichr@who.int",
  journal     = "PLoS One",
  volume      =  7,
  number      =  2,
  pages       = "e30216",
  month       =  "13~" # feb,
  year        =  2012
}




@ARTICLE{McNairy2012-tg,
  title       = "The {HIV} care continuum: no partial credit given",
  author      = "McNairy, Margaret L and El-Sadr, Wafaa M",
  affiliation = "ICAP, Mailman School of Public Health, Columbia University, NY
                 10032, USA. mm3780@columbia.edu",
  journal     = "AIDS",
  volume      =  26,
  number      =  14,
  pages       = "1735--1738",
  month       =  "10~" # sep,
  year        =  2012
}


@ARTICLE{Henry2015-vv,
  title     = "Estimating the Proportion of Undiagnosed {HIV} Cases",
  author    = "Henry, Keith",
  journal   = "NEJM Journal Watch",
  publisher = "Journal Watch",
  volume    =  2015,
  pages     = "NA38635",
  month     =  "29" # jul,
  year      =  2015,
  keywords  = "90-90-90"
}
